@inproceedings{Nexus,
 author = {Sirer, Emin G\"{u}n and de Bruijn, Willem and Reynolds, Patrick and Shieh, Alan and Walsh, Kevin and Williams, Dan and Schneider, Fred B.},
 title = {Logical attestation: an authorization architecture for trustworthy computing},
 booktitle = {Proceedings of the Twenty-Third ACM Symposium on Operating Systems Principles},
 series = {SOSP '11},
 year = {2011},
 isbn = {978-1-4503-0977-6},
 location = {Cascais, Portugal},
 pages = {249--264},
 numpages = {16},
 url = {http://doi.acm.org/10.1145/2043556.2043580},
 doi = {http://doi.acm.org/10.1145/2043556.2043580},
 acmid = {2043580},
 publisher = {ACM},
 address = {New York, NY, USA},
 keywords = {credentials-based authorization, logic, trusted platform module},
} 

@INPROCEEDINGS{Bauer, 
author={Bauer, L. and Limin Jia and Sharma, D.}, 
booktitle={Computer Security Foundations Symposium (CSF), 2010 23rd IEEE}, 
title={Constraining Credential Usage in Logic-Based Access Control}, 
year={2010}, 
month={july}, 
volume={}, 
number={}, 
pages={154 -168}, 
keywords={authorization logic;authorization proof;credential usage constraint;flexible access control policy;logic based access control;logical inference rules;authorisation;constraint handling;formal specification;inference mechanisms;}, 
doi={10.1109/CSF.2010.18}, 
ISSN={1063-6900}}

@inproceedings{AURA,
 author = {Jia, Limin and Vaughan, Jeffrey A. and Mazurak, Karl and Zhao, Jianzhou and Zarko, Luke and Schorr, Joseph and Zdancewic, Steve},
 title = {AURA: a programming language for authorization and audit},
 booktitle = {Proceeding of the 13th ACM SIGPLAN international conference on Functional programming},
 series = {ICFP '08},
 year = {2008},
 isbn = {978-1-59593-919-7},
 location = {Victoria, BC, Canada},
 pages = {27--38},
 numpages = {12},
 url = {http://doi.acm.org/10.1145/1411204.1411212},
 doi = {http://doi.acm.org/10.1145/1411204.1411212},
 acmid = {1411212},
 publisher = {ACM},
 address = {New York, NY, USA},
 keywords = {access control, audit, authorization logic, type systems},
}

@phdthesis{Garg,
    author = {Deepak Garg},
    title = {Proof Theory for Authorization Logic and its Application to a Practical File System},
    school = {Carnegie Mellon University},
    year = {2009}
}